% This file was created with JabRef 2.9.2.
% Encoding: Cp1252

@BOOK{brianRandell:2008,
  title = {History of Software Engineering},
  publisher = {Schloss Dagstuhl},
  year = {1996},
  author = {Brian Randell},
  owner = {Nacho},
  timestamp = {2014.02.14}
}

@inproceedings{stonebraker:2010,
	author    = {Stonebraker, M.},
	title     = {sql databases v. nosql databases},
	booktitle = {S. Communications of ACM},
	volume    = {53},
	pages     = {10--11},
	year      = {2010},
}

@inproceedings{lakshman:2010,
	author    = {Lakshman, A., Malik, P.},
	title     = {Cassandra: A decentralized structured storage system.},
	booktitle = {ACM SIGOPS Operating System Reviews},
	volume    = {44},
	pages     = {35--40},
	year      = {2010},
}

@BOOK{george:2011,
  title = {HBase: The Definitive Guide},
  publisher = {O'Reilly},
  year = {2011},
  author = {George, L.},
  owner = {Nacho},
  timestamp = {2014.02.14}
}

@BOOK{plugge:2010,
  title = {The Definitive Guide to MongoDB: The NoSQL Database for Cloud and Desktop Computing},
  publisher = {Apress},
  year = {2010},
  author = {Plugge, E., Hawkins, T., Membrey, P.},
  owner = {Nacho},
  timestamp = {2014.02.14}
}


@ARTICLE{diegoAlsonso:2011,
  author = {Diego Alonso C\'aceres},
  title = {Desarrollo de software para robots de servicio: Un enfoque dirigido por modelos y orientado a componentes},
  year = {2008},
  owner = {Nacho},
  timestamp = {2014.02.14}
}

@inproceedings{whittle:2014,
	author    = {Whittle, J. Hutchinson,  M. Rouncefield},
	title     = {The State of Practice in Model-Driven Engineering},
	booktitle = {IEEE Software},
	volume    = {31},
	pages     = {79--85},
	year      = {2014},
}

@ARTICLE{johan:2009,
  author = {Johan den Haan},
  title = {15 reasons why you should start using Model Driven Development},
  year = {2009},
  owner = {Nacho},
  timestamp = {2014.02.14}
}

@ARTICLE{jose:2013,
  author = {Jose Texier, Marisa De Giusti, Nestor Oviedo, Gonzalo Villarreal et al.},
  title = {The Benefits of Model-Driven Development in Institutional Repositories},
  year = {2013},
  owner = {Nacho},
  timestamp = {2014.02.14}
}

@BOOK{kleppe:2008,
  title = {Software Language Engineering: Creating domain-specific using metamodels},
  publisher = {Addison-Wesley},
  year = {2009},
  author = {Anneke Kleppe},
  owner = {Nacho},
  timestamp = {2014.02.14}
}

@techreport{omg:uml:2005,
	author = {OMG},
	institution = {Object Management Group},
	title = {{Unified Modeling Language: Superstructure version 2.0, formal/05-07-04}},
	url = {http://www.omg.org/docs/formal/05-07-04.pdf},
	year = {2005}
}

@MANUAL{uml:2010,
  title = {UML Superstructure Specification, v2.4.1},
  year = {2010},
  owner = {Patricia},
  timestamp = {2013.02.14}
}

@BOOK{budinsky:2008,
  title = {EMF: Eclipse Modeling Framework},
  publisher = {Addison-Wesley},
  year = {2009},
  author = {Budinsky, F. et al.},
  owner = {Nacho},
  timestamp = {2014.02.14}
}

@techreport{omg:xmi:2007,
	author = {OMG},
	institution = {Object Management Group},
	title = {{MOF 2.0/XMI Mapping V. 2.1.1}},
	url = {http://www.omg.org/spec/XMI/2.1.1/PDF},
	year = {2007}
}

@inproceedings{tolvanen:1993,
	author    = {Tolvanen, J. P. et al.},
	title     = {An integrated model for information systems modeling},
	booktitle = {Proceeding of the Twenty-Sixth Hawaii International Conference},
	volume    = {3},
	pages     = {470-479},
	year      = {1993},
}

%%%%%

@BOOK{kolovos:2014,
  title = {The Epsilon Book},
  publisher = {The Eclipse Foundation},
  year = {2014},
  author = {Dimitris Kolovos, Louis Rose, Antonio García-Domínguez, Richard Paige},
  owner = {Nacho},
  timestamp = {2014.02.14}
}

@BOOK{dave:2008,
  title = {EMF: Eclipse Modeling Framework, 2nd Edition},
  publisher = {Addison-Wesley Professional},
  year = {2008},
  author = {Dave Steinberg, Frank Budinsky, Marcelo Paternostro, Ed Merks},
  owner = {Nacho},
  timestamp = {2014.02.14}
}

@inproceedings{louis:2008,
	author    = {Louis M. Rose,Richard F. Paige,Dimitrios S. Kolovos,Fiona A. C. Polack},
	title     = {The Epsilon Generation Language},
	booktitle = {4th European Conference, ECMDA-FA},
	year      = {2008},
}

@inproceedings{lith:2010,
	author    = {Lith A., Mattsson J.},
	title     = {Investigating storage solutions for large data},
	booktitle = {A comparison of well performing and scalable data storage solutions for real time extraction and batch insertion of data},
	pages     = {23-24},
	year      = {2010},
}

@ARTICLE{pablo:2013,
  author = {Pablo S\'anchez, Marta Zorrilla},
  title = {On the transformation of UML attributes and associations to column-oriented NoSQL systems},
  year = {2013},
  owner = {Nacho},
  timestamp = {2014.02.14}
}

@ARTICLE{diego:2012,
  author = {Dr Diego Lz},
  title = {Bases de datos No Relacionales (NoSQL DeustoTech)},
  year = {2012},
  owner = {Nacho},
  timestamp = {2014.02.14}
}

@webpage{cass:2014,
    url = {http://www.datastax.com/docs/1.0/cluster_architecture/replication},
    author = {{DataStax}},
    title = {Apache Cassandra 2.0 Documentation},
    year = 2014,
    lastchecked = {23 Augost 2014},
}
